<record><leader>00000cas a2200000 a 4500</leader><controlfield tag="001">17617350</controlfield><controlfield tag="008">880311d18911920wauwr ne      0    0eng d</controlfield><datafield ind1=" " ind2=" " tag="010"><subfield code="a">sn 88085594 </subfield></datafield><datafield ind1=" " ind2=" " tag="040"><subfield code="a">SLZ</subfield><subfield code="b">eng</subfield><subfield code="c">SLZ</subfield><subfield code="d">OCL</subfield><subfield code="d">OCLCQ</subfield><subfield code="d">OCLCF</subfield><subfield code="d">OCLCO</subfield></datafield><datafield ind1="1" ind2=" " tag="029"><subfield code="a">AU@</subfield><subfield code="b">000025820823</subfield></datafield><datafield ind1=" " ind2=" " tag="042"><subfield code="a">msc</subfield></datafield><datafield ind1=" " ind2=" " tag="043"><subfield code="a">n-us-wa</subfield></datafield><datafield ind1="0" ind2="0" tag="245"><subfield code="a">Skagit County times.</subfield></datafield><datafield ind1=" " ind2=" " tag="260"><subfield code="a">Sedro-Woolley, Wash. :</subfield><subfield code="b">Skagit County Times</subfield></datafield><datafield ind1=" " ind2=" " tag="300"><subfield code="a">v.</subfield></datafield><datafield ind1=" " ind2=" " tag="310"><subfield code="a">Weekly</subfield></datafield><datafield ind1="1" ind2=" " tag="362"><subfield code="a">Began in 1891; ceased in 1920.</subfield></datafield><datafield ind1=" " ind2=" " tag="588"><subfield code="a">Description based on: Vol. 26, no. 41 (Sept. 14, 1916).</subfield></datafield><datafield ind1=" " ind2="0" tag="651"><subfield code="a">Sedro Woolley (Wash.)</subfield><subfield code="v">Newspapers.</subfield></datafield><datafield ind1=" " ind2="7" tag="655"><subfield code="a">Newspapers.</subfield><subfield code="2">fast</subfield><subfield code="0">(OCoLC)fst01423814</subfield></datafield><datafield ind1=" " ind2="7" tag="651"><subfield code="a">Washington (State)</subfield><subfield code="z">Sedro Woolley.</subfield><subfield code="2">fast</subfield><subfield code="0">(OCoLC)fst01224999</subfield></datafield><datafield ind1=" " ind2=" " tag="752"><subfield code="a">United States</subfield><subfield code="b">Washington</subfield><subfield code="c">Skagit</subfield><subfield code="d">Sedro-Woolley.</subfield></datafield><datafield ind1="0" ind2="7" tag="785"><subfield code="t">Sedro-Woolley courier</subfield><subfield code="w">(DLC)sn 89079037</subfield></datafield><datafield ind1="0" ind2="7" tag="785"><subfield code="t">Courier-times (Sedro-Woolley, Wash.)</subfield><subfield code="w">(DLC)sn 88085589</subfield></datafield></record>